@misc{ zhao2000,
  author = {W. Zhao and R. Chellappa and A. Rosenfeld and P. Phillips},
  title = {Face recognition: A literature survey},
  text = {W. Y. Zhao, R. Chellappa, A. Rosenfeld, and P. J. Phillips. Face recognition:
    A literature survey. UMD CfAR Technical Report CAR-TR-948, 2000},
  year = {2000}}

@book{mitchell1998,
 author = {M. Mitchell},
 title = {An  Introduction to Genetic Algorithms},
 year = {1998},
 isbn = {0262631857},
 publisher = {MIT Press},
 address = {Cambridge, MA, USA}
 }

@inproceedings{Liu2002,
    author={Y. Liu and Chongqing},
    year={2002},
    month={Sep 2002},
    title={Face recognition using kernel principal component analysis and genetic algorithms},
    booktitle={12th IEEE Workshop on Neural Networks for Signal Processing},
    pages={337}
}



@inproceedings{Xu2004,
    author={Y. Xu and B. Li and B. Wang},
    year={2004},
    month={14-16 Sep 2004},
    title={Face recognition by fast independent component analysis and genetic algorithm},
    booktitle={Fourth International Conference on Computer and Information},
    pages={194}
}

@inproceedings{Wong1999,
    author={K. Wong and K. Lam},
    year={1999},
    title={A reliable approach for human face detection using genetic algorithm},
    booktitle={IEEE International Symposium on Circuits and Systems},
    location={Orlando, FL, USA},
    volume={4},
    pages={499}
}

@inproceedings{Karungaru2004,
    author={S. Karungaru and M. Fukumi and N. Akamatsu},
    year={2004},
    month={October 26- 29,2004},
    title={Face Recognition using Genetic Algorithm based Template Matching},
    booktitle={International Symposium on Communications and Information Technologies},
    location={Sapporo, Japan}
}

@techreport{Ozkan2006,
    author={D. Ozkan},
    year={2006},
    title={Feature Selection for Face Recognition Using a Genetic Algorithm}
}

@inproceedings{Huang1999,
    author={J. Huang and H. Wechsler},
    year={1999},
    title={Eye Location Using Genetic Algorithm},
    booktitle={2nd International Conference on Audio and Video-Based Biometric Person Authentication},
    location={Washington DC, USA}
}

@inproceedings{Sun2005,
    author={Y. Sun and L. Yin},
    year={2005},
    month={September 19-21, 2005},
    title={A Genetic Algorithm Based Feature Selection Approach for 3D Face Recognition},
    booktitle={Biometrics Consortium Conference},
    location={Arlington, Virginia, USA}
}

@misc{sun2002,
  author = {Z. Sun and X. Yuan and G. Bebis and S. Louis},
  title = {Neural-network-based gender classification using genetic eigen-feature
    extraction},
  text = {Z. Sun, X. Yuan, G. Bebis, and S. Louis, Neural-network-based gender classification
    using genetic eigen-feature extraction,, IEEE International Joint Conference
    on Neural Networks, 2002},
  year = {2002}}


@article{Liu2000,
    author={C. Liu and H. Wechsler},
    year={2000},
    title={Evolutionary Pursuit and its application to face recognition},
    journal={IEEE Transactions on Pattern Analysis and Machine Intelligence},
    volume={22},
    number={6},
    pages={570}
}

@inproceedings{Shan2004,
    author={S. Shan and W. Gao and Y. Chang and B. Cao and P. Yang},
    year={2004},
    title={Review the Strength of Gabor features for Face Recognition from the Angle of its Robustness to Mis-alignment},
    booktitle={International Conference on Pattern Recognition}
}

@article{Gokberk2007,
    author={B. Gökberk and M. O. Irfanoglu and L. Akarun and E. Alpaydin},
    year={2007},
    title={Learning the best subset of local features for face recognition},
    journal={Pattern Recognition},
    volume={40},
    number={5},
    pages={1520}
}

@article{Tefas2001,
    author={A. Tefas and C. Kotropoulos and I. Pitas},
    year={2001},
    title={Using support vector machines to enhance the performance of elastic graph matching for frontal face authentication},
    journal={IEEE Transactions on Pattern Analysis and Machine Intelligence},
    volume={23},
    number={7},
    pages={735}
}

@article{Liu2004,
    author={D. H. Liu and K. M. Lam and L. S. Shen},
    year={2004},
    title={Optimal sampling of Gabor features for face recognition},
    journal={Pattern Recognition Letters},
    volume={25},
    number={2},
    pages={267}
}

@inbook{wiskott_face_1996,
    address = {http://www.cs.utexas.edu/users/nn/web-pubs/htmlbook96/},
    title = {Face Recognition by Dynamic Link Matching},
    url = {citeseer.ist.psu.edu/article/wiskott96face.html},
    journal = {Lateral Interactions in the Cortex: Structure and Function},
    publisher = {The UTCS Neural Networks Research Group, Austin, TX},
    author = {Laurenz Wiskott and Christoph von der Malsburg},
    editor = {J. Sirosh and R. Miikkulainen and Y. Choe},
    year = {1996}
}

@inproceedings{wiskott_face_1997,
    address = {Heidelberg},
    title = {Face Recognition by Elastic Bunch Graph Matching},
    url = {citeseer.ist.psu.edu/article/wiskott99face.html},
    journal = {7th International Conference on Computer Analysis of Images and Patterns, CAIP'97, Kiel},
    publisher = {Springer-Verlag},
    author = {Laurenz Wiskott and Jean-Marc Fellous and Norbert Kr{\"u}ger and Christoph von der Malsburg},
    editor = {Gerald Sommer and Kostas Daniilidis and Josef Pauli},
    year = {1997},
    pages = {456-463}
}


@book{wiskott_face_1995,
    title = {Face Recognition and Gender Determination},
    url = {citeseer.ist.psu.edu/wiskott95face.html},
    author = {Laurenz Wiskott and Jean-Marc Fellous and Norbert Kr{\"u}ger and Christoph von der Malsburg},
    year = {1995},
    note = {Published: International Workshop on Automatic Face- and Gesture-Recognition, Z{\"u}rich, June 26-28, 1995},
    pages = {92-97}
}

@article{von_der_malsburg_nervous_1985,
    title = {Nervous Structures with Dynamical Links},
    volume = {89},
    journal = {Ber. Bunsenges. Phys. Chem.},
    author = {Christoph von der Malsburg},
    year = {1985},
    pages = {703-710}
}

@article{bienenstock_neural_1987,
    title = {A neural network for invariant pattern recognition},
    volume = {4},
    journal = {Europhysics Letters},
    author = {E Bienenstock and christoph von der Malsburg},
    year = {1987},
    pages = {121-126}
}

@article{Wiskott1997,
    author={L. Wiskott},
    year={1997},
    title={Phantom faces for face analysis},
    journal={Pattern Recognition},
    volume={30},
    number={6},
    pages={837}
}

@article{lyons_automatic_1999,
    title = {Automatic classification of single facial images},
    volume = {21},
    issn = {0162-8828},
    abstract = {We propose a method for automatically classifying facial images based on labeled elastic graph matching, a 2D Gabor wavelet representation, and linear discriminant analysis. Results of tests with three image sets are presented for the classification of sex, ?race?, and expression. A visual interpretation of the discriminant vectors is provided},
    journal = {Transactions on Pattern Analysis and Machine Intelligence},
    author = {M.J. Lyons and M.J. Lyons and J. Budynek and J. Budynek and S. Akamatsu},
    year = {1999},
    keywords = {2D Gabor wavelet representation,automatic classification,discriminant vectors,face recognition,facial expression,graph theory,image classification,labeled elastic graph matching,linear discriminant analysis,race classification,sex classification,single facial images,wavelet transforms},
    pages = {1357-1362}
}

@article{Kruger1997,
    author={N. Kruger and M. Potzsch and C. Malsburg},
    year={1997},
    title={Determination of face position and pose with a learned representation based on labelled graphs},
    journal={Image Vision Computing},
    volume={15},
    pages={665}
}

@article{Kalocsai2000,
    author={P. Kalocsai and C. Malsburg and J. Horn},
    year={2000},
    title={Face recognition by statistical analysis of feature detectors},
    journal={Image Vision Computing},
    volume={18},
    number={4},
    pages={273}
}

@inproceedings{Yang2004,
    author={P. Yang and S. Shan and W. Gao and S.Z. Li and D. Zang},
    year={2004},
    title={Face recognition using ada-boosted Gabor features},
    booktitle={Proceedings of the 16th International Conference on Face and Gesture Recognition}
}

@inproceedings{ Wang2002,
    author={X. Wang and H. Oi},
    year={2002},
    title={Face recognition using optimal non-orthogonal wavelet basis evaluated by information complexity},
    booktitle={Proceedings of the 16th International Conference on Pattern Recognition},
    pages={164}
}


@article{Young1987,
   Author = {A. W. Young and D. Hellawell and D. C. Hay},
   Title = {Configurational information in face perception},
   Journal = {Perception},
   Volume = {16},
   Pages = {747-59},
      Year = {1987} }



@article{Turk2005,
   Author = {D. J. Turk and T. C. Handy and M. S. Gazzaniga},
   Title = {Can perceptual expertise account for the own-race bias in face recognition? A split brain study},
   Journal = {Cognitive Neuropsychology},
   Volume = {22},
   Number = {7},
   Pages = {877-83},
      Year = {2005} }



@article{Kenner2006,
   Author = {I. Kennerknecht and T. Gruter and B. Welling and S. Wentzek and J. Horst and S. Edwards and M. Gruter},
   Title = {First report of prevalence of non-syndromic hereditary prosopagnosia (HPA)},
   Journal = {American Journal of Medical Genetics, Part A},
   Volume = {140},
   Pages = {1617-22},
      Year = {2006} }



@article{Sadr2003,
   Author = {J. Sadr and I. Jarudi and P. Shinha},
   Title = {The role of eyebrows in face recognition},
   Journal = {Perception},
   Volume = {32},
   Pages = {285-93},
      Year = {2003} }



@article{Mccon1976,
   Author = {H.R. McConachie},
   Title = {Developmental prosopagnosia: A single case report},
   Journal = {Cortex},
   Volume = {12},
   Pages = {76-82},
      Year = {1976} }



@article{Sinha2006,
   Author = {P. Sinha and B. J. Balas and Y. Ostrovsky and R. Russell },
   Title = {Face recognition by humans: 19 results all computer vision researchers should know about},
   Journal = {Proceedings of the IEEE},
   Volume = {94},
   Number = {11},
   Pages = {1948-62},
      Year = {2006} }

@book{Bruce2006,
   Author = {V. Bruce and A. Young },
   Title = {In the Eye of the Beholder: The Science of Face Perception  },
   Publisher = {Oxford University Press },
      Year = {2006}
      }

@article{Schw2003,
   Author = {A. Schwaninger and C. C. Carbon and H. Leder},
   Title = {Expert face processing: Specilization and constraints},
   BookTitle = {Development of face processing},
   Editor = {A. Schwaninger, and H. Leder},
   Publisher = {Hogrefe},
   Address = {Gottingen},
      Year = {2003} }

@inproceedings{ Pent1991,
    author={ M. Turk and A. Pentland},
    year={1991},
    title={Face Recognition Using Eigenfaces},
    booktitle={Proceedings of IEEE Conference on Computer Vision and Pattern Recognition},
    pages={586-591}
}

@article{BLACK2002,
  author = {J. Black and M. Gargesha and K. Kahol and S. Panchanathan},
   title = {A Framework for Performance Evaluation of Face Recognition Algorithms},
 journal = {ITCOM, Internet Multimedia Systems II, Boston},
    year = {July 2002},
    }

@inproceedings{Little:2005,
   Author = {G. Little and S. Krishna and J. Black and S. Panchanathan},
   Title = {A methodology for evaluating robustness of face recognition algorithms with respect to variations in pose and illumination angle},
   BookTitle = {Proceedings of IEEE International Conference on Acoustics, Speech and Signal Processing},
   Address= {Philadelphia, USA},
   Pages = {89-92},
      Year = {2005} }


@article{ violajones01,
 author =        {P. Viola and M. Jones},
 title =         {Robust Real-time Object Detection},
 journal =     {International Journal of Computer Vision - to appear},
 year =  2002,
 url = {citeseer.ist.psu.edu/viola01robust.html} }

 @article{lowe_distinctive_2003,
    title = {Distinctive Image Features from Scale-Invariant Keypoints},
    volume = {20},
    journal = {International Journal of Computer Vision},
    author = {David G. Lowe},
    year = {2003},
    pages = {91-110}
}

@article{sirovich_low-dimensional_1987,
    title = {Low-dimensional procedure for the characterization of human faces},
    volume = { 4},
    url = {http://www.opticsinfobase.org/abstract.cfm?URI=josaa-4-3-519},
    journal = {J. Opt. Soc. Am. A},
    author = {L. Sirovich and M. Kirby},
    year = {1987},
    pages = { 519}
}


@inproceedings{ Balasubramanian2007,
   Author = { V. Balasubramanian and J. Ye and S. Panchanathan},
   Title = {Biased Manifold Embedding: A framework for Person-Independent Head Pose Estimation},
   BookTitle = {IEEE Computer Society Conference on Computer Vision and Pattern Recognition (CVPR'07)},
   Address= {Minneapolis, USA},
      Year = {June 2007} }


      @inproceedings{Sreekar2005,
 author = {S. Krishna and G. Little and J. Black and S. Panchanathan},
 title = {A wearable face recognition system for individuals with visual impairments},
 booktitle = {Assets '05: Proceedings of the 7th international ACM SIGACCESS conference on Computers and accessibility},
 year = {2005},
 isbn = {1-59593-159-7},
 pages = {106--113},
 location = {Baltimore, MD, USA},
 doi = {http://doi.acm.org/10.1145/1090785.1090806},
 publisher = {ACM Press},
 address = {New York, NY, USA},
 }
