
%
%  $Description: Sample bibliography$
%
%  $Author: ienne $
%  $Date: 1995/09/15 15:19:53 $
%  $Revision: 1.3 $
%

% Facial Feature
@article{hmid_fuzzy_2006,
	title = {FUZZY CLASSIFICATION, IMAGE SEGMENTATION AND SHAPE ANALYSIS FOR HUMAN FACE DETECTION},
	volume = {4},
	journal = {8th International Conference on Signal Processing},
	author = {M. B. Hmid and Y. B. Jemaa},
	year = {2006},
},

@article{tariq_face_2004,
	title = {Face detection in color images, a robust and fast statistical approach},
	journal = {Proceedings of INMIC 2004. 8th International Multitopic Conference},
	author = {U. Tariq and H. Jamal and M.Z.J. Shahid and M.U. Malik},
	year = {2004},
	pages = {73-78}
},

@article{yan-wen_wu_face_2008,
	title = {Face Detection in Color Images Using AdaBoost Algorithm Based on Skin Color Information},
	journal = {International Workshop on Knowledge Discovery and Data Mining},
	author = {Yan-Wen Wu and Xue-Yi Ai},
	year = {2008},
	pages = {339-342}
},


% Color
@article{a_hadid_hybrid_2006,
	title = {A Hybrid Approach to Face Detection under Unconstrained Environments},
	volume = {1},
	journal = {18th International Conference on Pattern Recognition},
	author = {A. Hadid and M. Pietikainen},
	year = {2006},
	pages = {227-230}
},

@article{naseem_robust_2005,
	title = {Robust human face detection in complex color images},
	volume = {2},
	journal = {IEEE International Conference on Image Processing},
	author = {I. Naseem and M. Deriche},
	year = {2005},
	pages = {338-41}
},

@article{m_wimmer_person_2006,
	title = {A Person and Context Specific Approach for Skin Color Classification},
	volume = {2},
	journal = {Pattern Recognition, 2006. ICPR 2006. 18th International Conference on},
	author = {M. Wimmer and B. Radig and M. Beetz},
	year = {2006},
	pages = {39-42}
}

@article{paget_texture_1997,
	title = {Texture classification using nonparametric Markov random fields},
	volume = {1},
	journal = {13th International Conference on Digital Signal Processing Proceedings},
	author = {R. Paget and I. D. Longstaff and B. Lovell},
	year = {1997},
volume={1},
	pages = {67-70}
}

@article{besag_spatial_1974,
	title = {Spatial Interaction and the Statistical Analysis of Lattice Systems},
	volume = {36},
	journal = {Journal of the Royal Statistical Society. Series B (Methodological)},
	author = {Julian Besag},
	year = {1974},
	pages = {192-236}
},

@article{perez_markov_1998,
	title = {Markov Random Fields and Images},
	volume = {11},
issue = {4},
journal = {CWI Quarterly},
	url = {http://citeseer.ist.psu.edu/perez98markov.html},
	author = {Patrick Perez},
	year = {1998},
	pages = {413-437}
},

@inproceedings{sentz_combination_2002,
	title = {Combination of Evidence in Dempster-Shafer Theory},
	publisher = {Sandia National Laboratories},
	author = {Kari Sentz and Scott Ferson},
	year = {April, 2002},
},

@article{pong_empirical_2007,
	title = {Empirical analysis of generalised uncertainty measures with dempster shafer fusion},
	journal = {10th International Conference on Information Fusion, 2007 },
	author = {P. Pong and S. Challa},
	year = {2007},
	pages = {1-9}
},





@article{viola_robust_2004,
	title = {Robust Real-Time Face Detection},
	volume = {57},
	journal = {Int. J. Comput. Vision},
	author = {Paul Viola and Michael J. Jones},
	year = {2004},
	keywords = {boosting,face detection,human sensing},
	pages = {137-154}
}

@misc{OpenCV,
    title = "Open Source Computer Vision Library",
    howpublished = "Website",
    note = {\url{http://www.intel.com/technology/computing/opencv/}}
}

@article{phillips_feret_1997,
	title = {The FERET Evaluation Methodology for Face-Recognition Algorithms},
	journal = {Proceedings of the 1997 Conference on Computer Vision and Pattern Recognition},
	author = {P. Jonathon Phillips and Hyeonjoon Moon and Patrick Rauss and Syed A. Rizvi},
	year = {1997},
	pages = {137}
}

@inproceedings{bilmes_gentle_1998,
	address = {Berkeley CA},
	type = {Technical},
	title = {A Gentle Tutorial of the EM Algorithm
and its Application to Parameter
Estimation for Gaussian Mixture and
Hidden Markov Models},
publisher = {International Computer Science Institute, U.C. Berkeley},
	author = {Jeff Bilmes},
	year = {April, 1998}
}

@article{vezjak_anthropological_1994,
	title = {An anthropological model for automatic recognition of the male human face},
	volume = {21},
	journal = {Annals of Human Biology},
	author = {M. Vezjak and M. Stephancic},
	year = {1994},
	pages = {363-380}
}

% Face detection Survey

@article{ming-hsuan_yang_detecting_2002,
	title = {Detecting faces in images: a survey},
	volume = {24},
	journal = {IEEE Transactions on Pattern Analysis and Machine Intelligence},
	author = {Ming-Hsuan Yang and D.J. Kriegman and N. Ahuja},
	year = {2002},
	pages = {34-58}
},

@article{hjelmýs_face_2001,
	title = {Face Detection: A Survey},
	volume = {83},
journal = {Computer Vision and Image Understanding},
	author = {Erik Hjelmas and Boon Kee Low},
	year = {Sep, 2001},
	pages = {236-274}
}
